<record><leader>00000cas a22000007a 4500</leader><controlfield tag="001">25309035</controlfield><controlfield tag="008">920220c19289999wyuwr ne      0    0eng d</controlfield><datafield ind1=" " ind2=" " tag="010"><subfield code="a">sn 92066948 </subfield></datafield><datafield ind1=" " ind2=" " tag="040"><subfield code="a">NVO</subfield><subfield code="b">eng</subfield><subfield code="c">NVO</subfield><subfield code="d">OCLCQ</subfield></datafield><datafield ind1=" " ind2=" " tag="042"><subfield code="a">msc</subfield></datafield><datafield ind1="0" ind2="0" tag="245"><subfield code="a">Basin Republican-rustler.</subfield></datafield><datafield ind1="3" ind2="0" tag="246"><subfield code="a">Republican-rustler</subfield></datafield><datafield ind1=" " ind2=" " tag="260"><subfield code="a">Basin, Wyo. :</subfield><subfield code="b">P.P. Anderson</subfield></datafield><datafield ind1=" " ind2=" " tag="300"><subfield code="a">v.</subfield></datafield><datafield ind1=" " ind2=" " tag="310"><subfield code="a">Weekly</subfield></datafield><datafield ind1="0" ind2=" " tag="362"><subfield code="a">Vol. 23, no. 50 (June 7, 1928)-v. 70, no. 52 (Jan. 9, 1975) ; v. 86, no. 16 (Jan. 16, 1975)-v. 102, no. 51 (May 25, 1989) ; 101st year, no. 1 (June 1, 1989)-</subfield></datafield><datafield ind1=" " ind2=" " tag="515"><subfield code="a">Issues for June 7, 1928-Aug. 29, 1949 also numbered: Vol. 38, no. 37-v. 53, no. 36.</subfield></datafield><datafield ind1=" " ind2="4" tag="651"><subfield code="a">Basin (Wyo.)</subfield><subfield code="v">Newspapers.</subfield></datafield><datafield ind1=" " ind2="4" tag="651"><subfield code="a">Big Horn County (Wyo.)</subfield><subfield code="v">Newspapers.</subfield></datafield><datafield ind1=" " ind2=" " tag="752"><subfield code="a">United States</subfield><subfield code="b">Wyoming</subfield><subfield code="c">Big Horn</subfield><subfield code="d">Basin.</subfield></datafield><datafield ind1="0" ind2="4" tag="780"><subfield code="t">Basin Republican</subfield><subfield code="w">(DLC)sn 92066947</subfield></datafield><datafield ind1="0" ind2="4" tag="780"><subfield code="t">Big Horn County rustler</subfield><subfield code="w">(DLC)sn 92066946</subfield></datafield><datafield ind1="0" ind2="5" tag="780"><subfield code="t">Deaver sentinel and the Frannie independent</subfield><subfield code="w">(DLC)sn 92066956</subfield></datafield><datafield ind1="1" ind2=" " tag="029"><subfield code="a">AU@</subfield><subfield code="b">000025847637</subfield></datafield></record>